#FLAGGA 0
#PROGRAM "BL Administration" "2018.2.101"
#FORMAT PC8
#GEN 20180507 "1 Linda Henriksson"
#SIETYP 4
#FTYP AB
#FNR "BLOV"
#ORGNR 1655710918
#FNAMN "Övningsföretaget AB"
#RAR 0 20170101 20171231
#RAR -1 20160101 20161231
#TAXAR 2018
#KPTYP "EUBAS97"
#KONTO 1119 "Ackumulerade avskrivningar på byggnader"
#KONTO 1130 "Mark"
#KONTO 1220 "Inventarier och verktyg"
#KONTO 1229 "Ack avskr på inventarier o verktyg"
#KONTO 1240 "Bilar och andra transportmedel"
#KONTO 1249 "Ack avskr på bilar och andra trpt.medel"
#KONTO 1350 "Aktier, andelar och värdep i andra ftg"
#KONTO 1380 "Andra långfristiga fordringar"
#KONTO 1383 "Lämnade depositioner"
#KONTO 1410 "Lager av råvaror"
#KONTO 1470 "Pågående arbeten"
#KONTO 1510 "Kundfordringar"
#KONTO 1610 "Fordringar hos anställda"
#KONTO 1630 "Avräkning för skatter och avgifter"
#KONTO 1650 "Momsfordran"
#KONTO 1680 "Andra kortfristiga fordringar"
#KONTO 1710 "Förutbetalda hyreskostnader"
#KONTO 1720 "Förutbetalda leasingavgifter"
#KONTO 1730 "Förutbetalda försäkringspremier"
#KONTO 1740 "Förutbetalda räntekostnader"
#KONTO 1760 "Upplupna ränteintäkter"
#KONTO 1790 "Övr förutbetalda kostn och upplupna int"
#KONTO 1910 "Kassa"
#KONTO 1920 "Plusgiro"
#KONTO 1930 "Checkräkningskonto"
#KONTO 1940 "Bank"
#KONTO 2081 "Aktiekapital"
#KONTO 2086 "Reservfond"
#KONTO 2091 "Balanserad vinst eller förlust"
#KONTO 2092 "Mottagna/lämnade koncernbidrag"
#KONTO 2099 "Årets resultat"
#KONTO 2110 "Periodiseringsfond vid 2010 års taxering"
#KONTO 2111 "Periodiseringsfond vid 2011 års taxering"
#KONTO 2112 "Periodiseringsfond vid 2012 års taxering"
#KONTO 2125 "Periodiseringsfond vid 2005 års taxering"
#KONTO 2126 "Periodiseringsfond vid 2006 års taxering"
#KONTO 2127 "Periodiseringsfond vid 2007 års taxering"
#KONTO 2128 "Periodiseringsfond vid 2008 års taxering"
#KONTO 2129 "Periodiseringsfond vid 2009 års taxering"
#KONTO 2150 "Ackumulerade överavskrivningar"
#KONTO 2330 "Checkräkningskredit"
#KONTO 2340 "Byggnadskreditiv"
#KONTO 2355 "Lån i utländsk valuta till kreditinst"
#KONTO 2390 "Övriga långfristiga skulder"
#KONTO 2420 "Förskott från kunder"
#KONTO 2440 "Leverantörsskulder"
#KONTO 2490 "Övr kortfr skulder till kreditinst"
#KONTO 2510 "Skatteskulder"
#KONTO 2610 "Utgående moms, oreducerad"
#KONTO 2614 "Utg moms omvänd skattskyldighet, 25 %"
#KONTO 2620 "Utgående moms, reducerad 1"
#KONTO 2630 "Utgående moms, reducerad 2"
#KONTO 2640 "Ingående moms"
#KONTO 2641 "Debiterad ingående moms"
#KONTO 2644 "Ing moms omvänd skattskyldighet"
#KONTO 2650 "Redovisningskonto för moms"
#KONTO 2660 "Särskilda punktskatter"
#KONTO 2710 "Personalskatt"
#KONTO 2730 "Lagst soc avg och särskild löneskatt"
#KONTO 2760 "Semestermedel"
#KONTO 2794 "Fackföreningsavgifter"
#KONTO 2810 "Avräkning för factoring"
#KONTO 2820 "Skulder till anställda"
#KONTO 2840 "Kortfristiga låneskulder"
#KONTO 2890 "Övriga kortfristiga skulder"
#KONTO 2910 "Upplupna löner"
#KONTO 2920 "Upplupna semesterlöner"
#KONTO 2942 "Beräknad upplupen löneskatt för löner"
#KONTO 2960 "Upplupna räntekostnader"
#KONTO 2980 "Upplupna avtalskostnader"
#KONTO 2990 "Övr upplupna kostn och förutbetalda int"
#KONTO 2999 "OBS-konto"
#KONTO 3010 "Försäljning"
#KONTO 3030 "Försäljning 6%"
#KONTO 3500 "Fakturerade kostnader"
#KONTO 3520 "Fakturerade frakter"
#KONTO 3690 "Övriga sidointäkter"
#KONTO 3740 "Öresutjämning"
#KONTO 3910 "Hyres- och arrendeintäkter"
#KONTO 3960 "Valutakursvinster"
#KONTO 3972 "Vinst vid avyttring av byggnader och mar"
#KONTO 3973 "Vinst vid avyttring av maskiner och inv"
#KONTO 3981 "Erhållna EU-bidrag"
#KONTO 3985 "Erhållna statliga bidrag"
#KONTO 3987 "Erhållna kommunala bidrag"
#KONTO 3989 "Övriga erhållna bidrag"
#KONTO 3990 "Övriga ersättningar och intäkter"
#KONTO 4010 "Inköp material och varor"
#KONTO 4600 "Legoarbeten och underentreprenader"
#KONTO 5010 "Lokalhyra"
#KONTO 5020 "El för belysning"
#KONTO 5050 "Lokaltillbehör"
#KONTO 5060 "Städning och renhållning"
#KONTO 5070 "Reparation och underhåll av lokaler"
#KONTO 5090 "Övriga lokalkostnader"
#KONTO 5210 "Hyra av maskiner"
#KONTO 5220 "Hyra av inventarier och verktyg"
#KONTO 5410 "Förbrukningsinventarier"
#KONTO 5420 "Programvaror"
#KONTO 5440 "Förbrukningsemballage"
#KONTO 5460 "Förbrukningsmaterial"
#KONTO 5520 "Reparation och underhåll av inventarier"
#KONTO 5580 "Underhåll och tvätt av arbetskläder"
#KONTO 5610 "Bilkostnader"
#KONTO 5611 "Drivmedel för personbilar"
#KONTO 5612 "Försäkring och skatt för personbilar"
#KONTO 5613 "Reparation och underhåll av personbilar"
#KONTO 5615 "Leasing av personbilar"
#KONTO 5616 "Trängselskatt, avdragsgill"
#KONTO 5619 "Övriga personbilskostnader"
#KONTO 5710 "Frakter och transporter"
#KONTO 5810 "Biljetter"
#KONTO 5820 "Hyrbilskostnader"
#KONTO 5830 "Kost och logi"
#KONTO 5890 "Övriga resekostnader"
#KONTO 5910 "Annonsering"
#KONTO 5920 "Utomhus- och trafikreklam"
#KONTO 5930 "Reklamtrycksaker och direktreklam"
#KONTO 5940 "Utställningar och mässor"
#KONTO 5960 "Varuprover, reklamgåvor, presentreklam"
#KONTO 5990 "Övriga kostnader för reklam och PR"
#KONTO 6010 "Kataloger, prislistor m m"
#KONTO 6050 "Försäljningsprovisioner"
#KONTO 6060 "Kreditförsäljningskostnader"
#KONTO 6071 "Representation, avdragsgill"
#KONTO 6072 "Representation, ej avdragsgill"
#KONTO 6090 "Övriga försäljningskostnader"
#KONTO 6110 "Kontorsmateriel"
#KONTO 6150 "Trycksaker"
#KONTO 6210 "Telekommunikation"
#KONTO 6230 "Datakommunikation"
#KONTO 6250 "Postbefordran"
#KONTO 6310 "Företagsförsäkringar"
#KONTO 6350 "Förluster på kundfordringar"
#KONTO 6360 "Garantikostnader"
#KONTO 6370 "Kostnader för bevakning och larm"
#KONTO 6420 "Ersättningar till revisor"
#KONTO 6530 "Redovisningstjänster"
#KONTO 6540 "IT-tjänster"
#KONTO 6550 "Konsultarvoden"
#KONTO 6560 "Serviceavgifter till branschorganisation"
#KONTO 6570 "Bankkostnader"
#KONTO 6590 "Övriga externa tjänster"
#KONTO 6970 "Tidningar, tidskrifter och facklitt"
#KONTO 6981 "Föreningsavgifter, avdragsgilla"
#KONTO 6982 "Föreningsavgifter, ej avdragsgilla"
#KONTO 6991 "Övriga externa kostnader, avdragsgilla"
#KONTO 6992 "Övriga externa kostnader, ej avdr.gilla"
#KONTO 6993 "Lämnade bidrag och gåvor"
#KONTO 7011 "Löner till kollektivanställda"
#KONTO 7090 "Förändring av semesterlöneskuld"
#KONTO 7210 "Löner till tjänstemän"
#KONTO 7220 "Löner till företagsledare"
#KONTO 7310 "Kontanta extraersättningar"
#KONTO 7321 "Skattefria traktamenten, Sverige"
#KONTO 7322 "Skattepliktiga traktamenten, Sverige"
#KONTO 7323 "Skattefria traktamenten, utlandet"
#KONTO 7324 "Skattepliktiga traktamenten, utlandet"
#KONTO 7331 "Bilersättningar, skattefria"
#KONTO 7332 "Bilersättningar, skattepliktiga"
#KONTO 7370 "Representationsersättningar"
#KONTO 7380 "Kostnader för förmåner till anställda"
#KONTO 7390 "Övriga kostnadsersättningar och förmåner"
#KONTO 7410 "Pensionsförsäkringspremier"
#KONTO 7460 "Pensionsutbetalningar"
#KONTO 7510 "Lagstadgade sociala avgifter"
#KONTO 7519 "Soc avg för semester- och löneskuld"
#KONTO 7530 "Särskild löneskatt"
#KONTO 7570 "Premier för arbetsmarknadsförsäkringar"
#KONTO 7580 "Grupplivförsäkringspremier"
#KONTO 7590 "Övr soc och andra avg enligt lag o avtal"
#KONTO 7610 "Utbildning"
#KONTO 7620 "Sjuk- och hälsovård"
#KONTO 7631 "Personalrepresentation, avdragsgill"
#KONTO 7632 "Personalrepresentation, ej avdragsgill"
#KONTO 7690 "Övriga personalkostnader"
#KONTO 7810 "Avskrivningar på immateriella anl.tillg"
#KONTO 7820 "Avskrivningar på byggnader och markanl"
#KONTO 7830 "Avskrivningar på maskiner och inv"
#KONTO 7834 "Avskrivningar på bilar och andra transpo"
#KONTO 7960 "Valutakursförluster"
#KONTO 7972 "Förlust vid avyttring av byggnader och m"
#KONTO 7973 "Förlust vid avyttring av mask o invent"
#KONTO 8310 "Ränteintäkter från omsättningstillgångar"
#KONTO 8311 "Ränteintäkter från bank"
#KONTO 8314 "Skattefria ränteintäkter"
#KONTO 8390 "Övriga finansiella intäkter"
#KONTO 8410 "Räntekostnader för långfristiga skulder"
#KONTO 8421 "Räntekostnader till kreditinstitut"
#KONTO 8423 "Räntekostnader för skatter och avgifter"
#KONTO 8490 "Övriga skuldrelaterade poster"
#KONTO 8710 "Extraordinära intäkter"
#KONTO 8750 "Extraordinära kostnader"
#KONTO 8811 "Avsättning till periodiseringsfond"
#KONTO 8819 "Återföring från periodiseringsfond"
#KONTO 8850 "Förändring av överavskrivningar"
#KONTO 8910 "Skatt på årets beskattningsbara resultat"
#KONTO 8999 "Årets resultat"
#SRU 1110 7214
#SRU 1119 7214
#SRU 1130 7214
#SRU 1220 7215
#SRU 1229 7215
#SRU 1240 7215
#SRU 1249 7215
#SRU 1350 7232
#SRU 1380 7235
#SRU 1383 7235
#SRU 1410 7241
#SRU 1470 7245
#SRU 1510 7251
#SRU 1610 7261
#SRU 1630 7261
#SRU 1650 7261
#SRU 1680 7261
#SRU 1710 7263
#SRU 1720 7263
#SRU 1730 7263
#SRU 1740 7263
#SRU 1760 7263
#SRU 1790 7263
#SRU 1910 7281
#SRU 1920 7281
#SRU 1930 7281
#SRU 1940 7281
#SRU 2081 7301
#SRU 2086 7301
#SRU 2091 7302
#SRU 2092 7302
#SRU 2099 7302
#SRU 2110 7321
#SRU 2111 7321
#SRU 2112 7321
#SRU 2125 7321
#SRU 2126 7321
#SRU 2127 7321
#SRU 2128 7321
#SRU 2129 7321
#SRU 2150 7322
#SRU 2330 7351
#SRU 2340 7352
#SRU 2350 7352
#SRU 2355 7352
#SRU 2390 7354
#SRU 2420 7362
#SRU 2440 7365
#SRU 2490 7369
#SRU 2510 7368
#SRU 2610 7369
#SRU 2614 7369
#SRU 2620 7369
#SRU 2630 7369
#SRU 2640 7369
#SRU 2641 7369
#SRU 2644 7369
#SRU 2650 7369
#SRU 2660 7369
#SRU 2710 7369
#SRU 2730 7369
#SRU 2760 7369
#SRU 2794 7369
#SRU 2810 7369
#SRU 2820 7369
#SRU 2840 7369
#SRU 2890 7369
#SRU 2910 7370
#SRU 2920 7370
#SRU 2941 7370
#SRU 2942 7370
#SRU 2960 7370
#SRU 2980 7370
#SRU 2990 7370
#SRU 2999 7370
#SRU 3010 7410
#SRU 3030 7410
#SRU 3500 7410
#SRU 3520 7410
#SRU 3690 7410
#SRU 3740 7410
#SRU 3910 7413
#SRU 3960 7413
#SRU 3972 7413
#SRU 3973 7413
#SRU 3981 7413
#SRU 3985 7413
#SRU 3987 7413
#SRU 3989 7413
#SRU 3990 7413
#SRU 4010 7511
#SRU 4600 7511
#SRU 5010 7513
#SRU 5020 7513
#SRU 5050 7513
#SRU 5060 7513
#SRU 5070 7513
#SRU 5090 7513
#SRU 5210 7513
#SRU 5220 7513
#SRU 5410 7513
#SRU 5420 7513
#SRU 5440 7513
#SRU 5460 7513
#SRU 5520 7513
#SRU 5580 7513
#SRU 5610 7513
#SRU 5611 7513
#SRU 5612 7513
#SRU 5613 7513
#SRU 5615 7513
#SRU 5616 7513
#SRU 5619 7513
#SRU 5710 7513
#SRU 5810 7513
#SRU 5820 7513
#SRU 5830 7513
#SRU 5890 7513
#SRU 5910 7513
#SRU 5920 7513
#SRU 5930 7513
#SRU 5940 7513
#SRU 5960 7513
#SRU 5990 7513
#SRU 6010 7513
#SRU 6050 7513
#SRU 6060 7513
#SRU 6071 7513
#SRU 6072 7513
#SRU 6072 7653
#SRU 6090 7513
#SRU 6110 7513
#SRU 6150 7513
#SRU 6210 7513
#SRU 6230 7513
#SRU 6250 7513
#SRU 6310 7513
#SRU 6350 7513
#SRU 6360 7513
#SRU 6370 7513
#SRU 6420 7513
#SRU 6530 7513
#SRU 6540 7513
#SRU 6550 7513
#SRU 6560 7513
#SRU 6570 7513
#SRU 6590 7513
#SRU 6970 7513
#SRU 6981 7513
#SRU 6982 7513
#SRU 6982 7653
#SRU 6991 7513
#SRU 6992 7513
#SRU 6992 7653
#SRU 6993 7513
#SRU 6993 7653
#SRU 7010 7514
#SRU 7011 7514
#SRU 7090 7514
#SRU 7210 7514
#SRU 7220 7514
#SRU 7310 7514
#SRU 7321 7514
#SRU 7322 7514
#SRU 7323 7514
#SRU 7324 7514
#SRU 7331 7514
#SRU 7332 7514
#SRU 7370 7514
#SRU 7380 7514
#SRU 7390 7514
#SRU 7410 7514
#SRU 7460 7514
#SRU 7510 7514
#SRU 7519 7514
#SRU 7530 7514
#SRU 7570 7514
#SRU 7580 7514
#SRU 7590 7514
#SRU 7610 7514
#SRU 7620 7514
#SRU 7631 7514
#SRU 7632 7514
#SRU 7632 7653
#SRU 7690 7514
#SRU 7810 7515
#SRU 7820 7515
#SRU 7830 7515
#SRU 7834 7515
#SRU 7960 7517
#SRU 7972 7517
#SRU 7973 7517
#SRU 8310 7417
#SRU 8311 7417
#SRU 8314 7417
#SRU 8314 7754
#SRU 8390 7417
#SRU 8410 7522
#SRU 8421 7522
#SRU 8423 7522
#SRU 8423 7653
#SRU 8490 7522
#SRU 8710 7422
#SRU 8750 7422
#SRU 8811 7525
#SRU 8819 7420
#SRU 8850 7421
#SRU 8910 7528
#SRU 8910 7651
#SRU 8999 7450
#IB 0 1119 -80000.00
#IB -1 1119 -60000.00
#IB 0 1240 10000.00
#IB -1 1240 10000.00
#IB 0 1249 -71667.00
#IB -1 1249 -51667.00
#IB 0 1410 250000.00
#IB -1 1410 250000.00
#IB 0 1510 -196049.50
#IB -1 1510 -207314.00
#IB 0 1610 120.00
#IB 0 1910 -6986.00
#IB -1 1910 -6986.00
#IB 0 1920 632095.00
#IB -1 1920 632095.00
#IB 0 1930 1009216.50
#IB -1 1930 997833.00
#IB 0 2081 -100000.00
#IB -1 2081 -100000.00
#IB 0 2091 -140182.00
#IB -1 2091 -140182.00
#IB 0 2099 -355937.00
#IB -1 2099 -355937.00
#IB 0 2350 -300000.00
#IB -1 2350 -300000.00
#IB 0 2440 -521509.00
#IB -1 2440 -521509.00
#IB 0 2610 -37937.45
#IB -1 2610 -16788.75
#IB 0 2614 -2500.00
#IB -1 2614 -2500.00
#IB 0 2630 -84735.00
#IB -1 2630 -84735.00
#IB 0 2640 58566.78
#IB -1 2640 58566.78
#IB 0 2644 2500.00
#IB -1 2644 2500.00
#IB 0 2710 -143925.00
#IB -1 2710 -90391.00
#IB 0 2730 -164495.94
#IB -1 2730 -121293.51
#IB 0 2820 -950.00
#IB -1 2820 -950.00
#IB 0 2920 43222.00
#IB -1 2920 48142.00
#IB 0 2941 15541.20
#IB -1 2941 15126.34
#IB 0 2999 -1582.86
#UB 0 1119 -100000.00
#UB -1 1119 -80000.00
#UB 0 1240 10000.00
#UB -1 1240 10000.00
#UB 0 1249 -91667.00
#UB -1 1249 -71667.00
#UB 0 1410 250000.00
#UB -1 1410 250000.00
#UB 0 1510 -189424.50
#UB -1 1510 -196049.50
#UB 0 1610 120.00
#UB -1 1610 120.00
#UB 0 1910 -6986.00
#UB -1 1910 -6986.00
#UB 0 1920 632095.00
#UB -1 1920 632095.00
#UB 0 1930 984091.74
#UB -1 1930 1009216.50
#UB 0 2081 -100000.00
#UB -1 2081 -100000.00
#UB 0 2091 -140182.00
#UB -1 2091 -140182.00
#UB 0 2099 -355937.00
#UB -1 2099 -355937.00
#UB 0 2350 -300000.00
#UB -1 2350 -300000.00
#UB 0 2440 -522509.00
#UB -1 2440 -521509.00
#UB 0 2610 -39612.45
#UB -1 2610 -37937.45
#UB 0 2614 -2500.00
#UB -1 2614 -2500.00
#UB 0 2630 -84735.00
#UB -1 2630 -84735.00
#UB 0 2640 58930.78
#UB -1 2640 58566.78
#UB 0 2641 121.35
#UB 0 2644 2500.00
#UB -1 2644 2500.00
#UB 0 2710 -152599.00
#UB -1 2710 -143925.00
#UB 0 2730 -174846.32
#UB -1 2730 -164495.94
#UB 0 2820 -950.00
#UB -1 2820 -950.00
#UB 0 2920 43222.00
#UB -1 2920 43222.00
#UB 0 2941 15541.20
#UB -1 2941 15541.20
#UB 0 2999 -1582.86
#UB -1 2999 -1582.86
#RES 0 3010 -6700.00
#RES -1 3010 -85064.80
#RES -1 3740 -0.28
#RES -1 3960 -15.00
#RES 0 4010 800.00
#RES 0 5610 485.41
#RES 0 6072 1836.00
#RES -1 6570 5.00
#RES 0 7010 32702.00
#RES -1 7010 126883.78
#RES -1 7011 10000.00
#RES -1 7090 4920.00
#RES -1 7321 143.00
#RES 0 7510 10590.38
#RES -1 7510 43202.43
#RES -1 7519 1131.00
#RES 0 7820 20000.00
#RES -1 7820 20000.00
#RES 0 7834 20000.00
#RES -1 7834 20000.00
#PBUDGET 0 201701 1119 -1666.00
#PBUDGET 0 201702 1119 -1667.00
#PBUDGET 0 201703 1119 -1667.00
#PBUDGET 0 201704 1119 -1666.00
#PBUDGET 0 201705 1119 -1667.00
#PBUDGET 0 201706 1119 -1667.00
#PBUDGET 0 201707 1119 -1666.00
#PBUDGET 0 201708 1119 -1667.00
#PBUDGET 0 201709 1119 -1667.00
#PBUDGET 0 201710 1119 -1666.00
#PBUDGET 0 201711 1119 -1667.00
#PBUDGET 0 201712 1119 -1667.00
#PBUDGET 0 201701 1249 -1666.00
#PBUDGET 0 201702 1249 -1667.00
#PBUDGET 0 201703 1249 -1667.00
#PBUDGET 0 201704 1249 -1666.00
#PBUDGET 0 201705 1249 -1667.00
#PBUDGET 0 201706 1249 -1667.00
#PBUDGET 0 201707 1249 -1666.00
#PBUDGET 0 201708 1249 -1667.00
#PBUDGET 0 201709 1249 -1667.00
#PBUDGET 0 201710 1249 -1666.00
#PBUDGET 0 201711 1249 -1667.00
#PBUDGET 0 201712 1249 -1667.00
#PBUDGET 0 201701 1510 0.00
#PBUDGET 0 201702 1510 0.00
#PBUDGET 0 201703 1510 0.00
#PBUDGET 0 201704 1510 0.00
#PBUDGET 0 201705 1510 0.00
#PBUDGET 0 201706 1510 0.00
#PBUDGET 0 201707 1510 0.00
#PBUDGET 0 201708 1510 -37326.00
#PBUDGET 0 201709 1510 0.00
#PBUDGET 0 201710 1510 0.00
#PBUDGET 0 201711 1510 48590.50
#PBUDGET 0 201712 1510 0.00
#PBUDGET 0 201701 1610 1000.00
#PBUDGET 0 201702 1610 0.00
#PBUDGET 0 201703 1610 0.00
#PBUDGET 0 201704 1610 0.00
#PBUDGET 0 201705 1610 0.00
#PBUDGET 0 201706 1610 0.00
#PBUDGET 0 201707 1610 0.00
#PBUDGET 0 201708 1610 0.00
#PBUDGET 0 201709 1610 -880.00
#PBUDGET 0 201710 1610 0.00
#PBUDGET 0 201711 1610 0.00
#PBUDGET 0 201712 1610 0.00
#PBUDGET 0 201701 1930 -16504.00
#PBUDGET 0 201702 1930 0.00
#PBUDGET 0 201703 1930 0.00
#PBUDGET 0 201704 1930 0.00
#PBUDGET 0 201705 1930 0.00
#PBUDGET 0 201706 1930 0.00
#PBUDGET 0 201707 1930 0.00
#PBUDGET 0 201708 1930 46406.00
#PBUDGET 0 201709 1930 -23300.00
#PBUDGET 0 201710 1930 -22643.00
#PBUDGET 0 201711 1930 48590.50
#PBUDGET 0 201712 1930 -21166.00
#PBUDGET 0 201701 2610 0.00
#PBUDGET 0 201702 2610 0.00
#PBUDGET 0 201703 2610 0.00
#PBUDGET 0 201704 2610 0.00
#PBUDGET 0 201705 2610 0.00
#PBUDGET 0 201706 2610 0.00
#PBUDGET 0 201707 2610 0.00
#PBUDGET 0 201708 2610 -1712.50
#PBUDGET 0 201709 2610 0.00
#PBUDGET 0 201710 2610 0.00
#PBUDGET 0 201711 2610 -19436.20
#PBUDGET 0 201712 2610 0.00
#PBUDGET 0 201701 2710 -4496.00
#PBUDGET 0 201702 2710 0.00
#PBUDGET 0 201703 2710 0.00
#PBUDGET 0 201704 2710 0.00
#PBUDGET 0 201705 2710 0.00
#PBUDGET 0 201706 2710 0.00
#PBUDGET 0 201707 2710 0.00
#PBUDGET 0 201708 2710 0.00
#PBUDGET 0 201709 2710 -8347.00
#PBUDGET 0 201710 2710 -7357.00
#PBUDGET 0 201711 2710 0.00
#PBUDGET 0 201712 2710 -33334.00
#PBUDGET 0 201701 2730 -6284.00
#PBUDGET 0 201702 2730 0.00
#PBUDGET 0 201703 2730 0.00
#PBUDGET 0 201704 2730 0.00
#PBUDGET 0 201705 2730 0.00
#PBUDGET 0 201706 2730 0.00
#PBUDGET 0 201707 2730 0.00
#PBUDGET 0 201708 2730 0.00
#PBUDGET 0 201709 2730 -10368.53
#PBUDGET 0 201710 2730 -9426.00
#PBUDGET 0 201711 2730 0.00
#PBUDGET 0 201712 2730 -17123.90
#PBUDGET 0 201701 2920 -1320.00
#PBUDGET 0 201702 2920 0.00
#PBUDGET 0 201703 2920 0.00
#PBUDGET 0 201704 2920 0.00
#PBUDGET 0 201705 2920 0.00
#PBUDGET 0 201706 2920 0.00
#PBUDGET 0 201707 2920 0.00
#PBUDGET 0 201708 2920 0.00
#PBUDGET 0 201709 2920 0.00
#PBUDGET 0 201710 2920 -3600.00
#PBUDGET 0 201711 2920 0.00
#PBUDGET 0 201712 2920 0.00
#PBUDGET 0 201701 2941 414.74
#PBUDGET 0 201702 2941 0.00
#PBUDGET 0 201703 2941 0.00
#PBUDGET 0 201704 2941 0.00
#PBUDGET 0 201705 2941 0.00
#PBUDGET 0 201706 2941 0.00
#PBUDGET 0 201707 2941 0.00
#PBUDGET 0 201708 2941 0.00
#PBUDGET 0 201709 2941 0.00
#PBUDGET 0 201710 2941 0.12
#PBUDGET 0 201711 2941 0.00
#PBUDGET 0 201712 2941 0.00
#PBUDGET 0 201701 2999 -414.74
#PBUDGET 0 201702 2999 0.00
#PBUDGET 0 201703 2999 0.00
#PBUDGET 0 201704 2999 0.00
#PBUDGET 0 201705 2999 0.00
#PBUDGET 0 201706 2999 0.00
#PBUDGET 0 201707 2999 0.00
#PBUDGET 0 201708 2999 -37.00
#PBUDGET 0 201709 2999 0.00
#PBUDGET 0 201710 2999 -1131.12
#PBUDGET 0 201711 2999 0.00
#PBUDGET 0 201712 2999 0.00
#PBUDGET 0 201701 3010 0.00
#PBUDGET 0 201702 3010 0.00
#PBUDGET 0 201703 3010 0.00
#PBUDGET 0 201704 3010 0.00
#PBUDGET 0 201705 3010 0.00
#PBUDGET 0 201706 3010 0.00
#PBUDGET 0 201707 3010 0.00
#PBUDGET 0 201708 3010 -7320.00
#PBUDGET 0 201709 3010 0.00
#PBUDGET 0 201710 3010 0.00
#PBUDGET 0 201711 3010 -77744.80
#PBUDGET 0 201712 3010 0.00
#PBUDGET 0 201701 3740 0.00
#PBUDGET 0 201702 3740 0.00
#PBUDGET 0 201703 3740 0.00
#PBUDGET 0 201704 3740 0.00
#PBUDGET 0 201705 3740 0.00
#PBUDGET 0 201706 3740 0.00
#PBUDGET 0 201707 3740 0.00
#PBUDGET 0 201708 3740 -0.50
#PBUDGET 0 201709 3740 0.22
#PBUDGET 0 201710 3740 0.00
#PBUDGET 0 201711 3740 0.00
#PBUDGET 0 201712 3740 0.00
#PBUDGET 0 201701 3960 0.00
#PBUDGET 0 201702 3960 0.00
#PBUDGET 0 201703 3960 0.00
#PBUDGET 0 201704 3960 0.00
#PBUDGET 0 201705 3960 0.00
#PBUDGET 0 201706 3960 0.00
#PBUDGET 0 201707 3960 0.00
#PBUDGET 0 201708 3960 -15.00
#PBUDGET 0 201709 3960 0.00
#PBUDGET 0 201710 3960 0.00
#PBUDGET 0 201711 3960 0.00
#PBUDGET 0 201712 3960 0.00
#PBUDGET 0 201701 6570 0.00
#PBUDGET 0 201702 6570 0.00
#PBUDGET 0 201703 6570 0.00
#PBUDGET 0 201704 6570 0.00
#PBUDGET 0 201705 6570 0.00
#PBUDGET 0 201706 6570 0.00
#PBUDGET 0 201707 6570 0.00
#PBUDGET 0 201708 6570 5.00
#PBUDGET 0 201709 6570 0.00
#PBUDGET 0 201710 6570 0.00
#PBUDGET 0 201711 6570 0.00
#PBUDGET 0 201712 6570 0.00
#PBUDGET 0 201701 7010 10000.00
#PBUDGET 0 201702 7010 0.00
#PBUDGET 0 201703 7010 0.00
#PBUDGET 0 201704 7010 0.00
#PBUDGET 0 201705 7010 0.00
#PBUDGET 0 201706 7010 0.00
#PBUDGET 0 201707 7010 0.00
#PBUDGET 0 201708 7010 0.00
#PBUDGET 0 201709 7010 32383.78
#PBUDGET 0 201710 7010 30000.00
#PBUDGET 0 201711 7010 0.00
#PBUDGET 0 201712 7010 54500.00
#PBUDGET 0 201701 7011 10000.00
#PBUDGET 0 201702 7011 0.00
#PBUDGET 0 201703 7011 0.00
#PBUDGET 0 201704 7011 0.00
#PBUDGET 0 201705 7011 0.00
#PBUDGET 0 201706 7011 0.00
#PBUDGET 0 201707 7011 0.00
#PBUDGET 0 201708 7011 0.00
#PBUDGET 0 201709 7011 0.00
#PBUDGET 0 201710 7011 0.00
#PBUDGET 0 201711 7011 0.00
#PBUDGET 0 201712 7011 0.00
#PBUDGET 0 201701 7090 1320.00
#PBUDGET 0 201702 7090 0.00
#PBUDGET 0 201703 7090 0.00
#PBUDGET 0 201704 7090 0.00
#PBUDGET 0 201705 7090 0.00
#PBUDGET 0 201706 7090 0.00
#PBUDGET 0 201707 7090 0.00
#PBUDGET 0 201708 7090 0.00
#PBUDGET 0 201709 7090 0.00
#PBUDGET 0 201710 7090 3600.00
#PBUDGET 0 201711 7090 0.00
#PBUDGET 0 201712 7090 0.00
#PBUDGET 0 201701 7321 0.00
#PBUDGET 0 201702 7321 0.00
#PBUDGET 0 201703 7321 0.00
#PBUDGET 0 201704 7321 0.00
#PBUDGET 0 201705 7321 0.00
#PBUDGET 0 201706 7321 0.00
#PBUDGET 0 201707 7321 0.00
#PBUDGET 0 201708 7321 0.00
#PBUDGET 0 201709 7321 143.00
#PBUDGET 0 201710 7321 0.00
#PBUDGET 0 201711 7321 0.00
#PBUDGET 0 201712 7321 0.00
#PBUDGET 0 201701 7510 6284.00
#PBUDGET 0 201702 7510 0.00
#PBUDGET 0 201703 7510 0.00
#PBUDGET 0 201704 7510 0.00
#PBUDGET 0 201705 7510 0.00
#PBUDGET 0 201706 7510 0.00
#PBUDGET 0 201707 7510 0.00
#PBUDGET 0 201708 7510 0.00
#PBUDGET 0 201709 7510 10368.53
#PBUDGET 0 201710 7510 9426.00
#PBUDGET 0 201711 7510 0.00
#PBUDGET 0 201712 7510 17123.90
#PBUDGET 0 201701 7519 0.00
#PBUDGET 0 201702 7519 0.00
#PBUDGET 0 201703 7519 0.00
#PBUDGET 0 201704 7519 0.00
#PBUDGET 0 201705 7519 0.00
#PBUDGET 0 201706 7519 0.00
#PBUDGET 0 201707 7519 0.00
#PBUDGET 0 201708 7519 0.00
#PBUDGET 0 201709 7519 0.00
#PBUDGET 0 201710 7519 1131.00
#PBUDGET 0 201711 7519 0.00
#PBUDGET 0 201712 7519 0.00
#PBUDGET 0 201701 7820 1666.00
#PBUDGET 0 201702 7820 1667.00
#PBUDGET 0 201703 7820 1667.00
#PBUDGET 0 201704 7820 1666.00
#PBUDGET 0 201705 7820 1667.00
#PBUDGET 0 201706 7820 1667.00
#PBUDGET 0 201707 7820 1666.00
#PBUDGET 0 201708 7820 1667.00
#PBUDGET 0 201709 7820 1667.00
#PBUDGET 0 201710 7820 1666.00
#PBUDGET 0 201711 7820 1667.00
#PBUDGET 0 201712 7820 1667.00
#PBUDGET 0 201701 7834 1666.00
#PBUDGET 0 201702 7834 1667.00
#PBUDGET 0 201703 7834 1667.00
#PBUDGET 0 201704 7834 1666.00
#PBUDGET 0 201705 7834 1667.00
#PBUDGET 0 201706 7834 1667.00
#PBUDGET 0 201707 7834 1666.00
#PBUDGET 0 201708 7834 1667.00
#PBUDGET 0 201709 7834 1667.00
#PBUDGET 0 201710 7834 1666.00
#PBUDGET 0 201711 7834 1667.00
#PBUDGET 0 201712 7834 1667.00
#VER "A" 1 20170101 "Representation måltid utan alkohol" 20170119 "#6 Linda Henriksson" 
{
#TRANS 1930 {} -1000.00 20170101 ""
#TRANS 6072 {} 928.00 20170101 ""
#TRANS 2640 {} 72.00 20170101 ""
}
#VER "A" 2 20170101 "Representation måltid med alkohol" 20170119 "#6 Linda Henriksson" 
{
#TRANS 1930 {} -1000.00 20170101 ""
#TRANS 6072 {} 908.00 20170101 ""
#TRANS 2640 {} 92.00 20170101 ""
}
#VER "A" 3 20170101 "" 20170210 "#6 Linda Henriksson" 
{
#TRANS 2440 {} -1000.00 20170101 ""
#TRANS 4010 {} 800.00 20170101 ""
#TRANS 2640 {} 200.00 20170101 ""
}
#VER "A" 4 20170111 "STATOIL (DF:7)" 20170308 "" 
{
#TRANS 1930 {} -606.76 20170111 ""
#TRANS 2641 {} 121.35 20170111 ""
#TRANS 5610 {} 485.41 20170111 ""
}
#VER "B" 1 20170131 "Avskrivning anläggningsregister" 20170109 "#6 Linda Henriksson" 
{
#TRANS 7820 {} 1666.00 20170131 "1110\1002 Hus 1:1"
#TRANS 1119 {} -1666.00 20170131 "1110\1002 Hus 1:1"
#TRANS 7834 {} 1666.00 20170131 "1240\1000 TZD 608"
#TRANS 1249 {} -1666.00 20170131 "1240\1000 TZD 608"
}
#VER "B" 2 20170228 "Avskrivning anläggningsregister" 20170109 "#6 Linda Henriksson" 
{
#TRANS 7820 {} 1667.00 20170228 "1110\1002 Hus 1:1"
#TRANS 1119 {} -1667.00 20170228 "1110\1002 Hus 1:1"
#TRANS 7834 {} 1667.00 20170228 "1240\1000 TZD 608"
#TRANS 1249 {} -1667.00 20170228 "1240\1000 TZD 608"
}
#VER "B" 3 20170331 "Avskrivning anläggningsregister" 20170109 "#6 Linda Henriksson" 
{
#TRANS 7820 {} 1667.00 20170331 "1110\1002 Hus 1:1"
#TRANS 1119 {} -1667.00 20170331 "1110\1002 Hus 1:1"
#TRANS 7834 {} 1667.00 20170331 "1240\1000 TZD 608"
#TRANS 1249 {} -1667.00 20170331 "1240\1000 TZD 608"
}
#VER "B" 4 20170430 "Avskrivning anläggningsregister" 20170109 "#6 Linda Henriksson" 
{
#TRANS 7820 {} 1666.00 20170430 "1110\1002 Hus 1:1"
#TRANS 1119 {} -1666.00 20170430 "1110\1002 Hus 1:1"
#TRANS 7834 {} 1666.00 20170430 "1240\1000 TZD 608"
#TRANS 1249 {} -1666.00 20170430 "1240\1000 TZD 608"
}
#VER "B" 5 20170531 "Avskrivning anläggningsregister" 20170109 "#6 Linda Henriksson" 
{
#TRANS 7820 {} 1667.00 20170531 "1110\1002 Hus 1:1"
#TRANS 1119 {} -1667.00 20170531 "1110\1002 Hus 1:1"
#TRANS 7834 {} 1667.00 20170531 "1240\1000 TZD 608"
#TRANS 1249 {} -1667.00 20170531 "1240\1000 TZD 608"
}
#VER "B" 6 20170630 "Avskrivning anläggningsregister" 20170109 "#6 Linda Henriksson" 
{
#TRANS 7820 {} 1667.00 20170630 "1110\1002 Hus 1:1"
#TRANS 1119 {} -1667.00 20170630 "1110\1002 Hus 1:1"
#TRANS 7834 {} 1667.00 20170630 "1240\1000 TZD 608"
#TRANS 1249 {} -1667.00 20170630 "1240\1000 TZD 608"
}
#VER "B" 7 20170731 "Avskrivning anläggningsregister" 20170109 "#6 Linda Henriksson" 
{
#TRANS 7820 {} 1666.00 20170731 "1110\1002 Hus 1:1"
#TRANS 1119 {} -1666.00 20170731 "1110\1002 Hus 1:1"
#TRANS 7834 {} 1666.00 20170731 "1240\1000 TZD 608"
#TRANS 1249 {} -1666.00 20170731 "1240\1000 TZD 608"
}
#VER "B" 8 20170831 "Avskrivning anläggningsregister" 20170109 "#6 Linda Henriksson" 
{
#TRANS 7820 {} 1667.00 20170831 "1110\1002 Hus 1:1"
#TRANS 1119 {} -1667.00 20170831 "1110\1002 Hus 1:1"
#TRANS 7834 {} 1667.00 20170831 "1240\1000 TZD 608"
#TRANS 1249 {} -1667.00 20170831 "1240\1000 TZD 608"
}
#VER "B" 9 20170930 "Avskrivning anläggningsregister" 20170109 "#6 Linda Henriksson" 
{
#TRANS 7820 {} 1667.00 20170930 "1110\1002 Hus 1:1"
#TRANS 1119 {} -1667.00 20170930 "1110\1002 Hus 1:1"
#TRANS 7834 {} 1667.00 20170930 "1240\1000 TZD 608"
#TRANS 1249 {} -1667.00 20170930 "1240\1000 TZD 608"
}
#VER "B" 10 20171031 "Avskrivning anläggningsregister" 20170109 "#6 Linda Henriksson" 
{
#TRANS 7820 {} 1666.00 20171031 "1110\1002 Hus 1:1"
#TRANS 1119 {} -1666.00 20171031 "1110\1002 Hus 1:1"
#TRANS 7834 {} 1666.00 20171031 "1240\1000 TZD 608"
#TRANS 1249 {} -1666.00 20171031 "1240\1000 TZD 608"
}
#VER "B" 11 20171130 "Avskrivning anläggningsregister" 20170109 "#6 Linda Henriksson" 
{
#TRANS 7820 {} 1667.00 20171130 "1110\1002 Hus 1:1"
#TRANS 1119 {} -1667.00 20171130 "1110\1002 Hus 1:1"
#TRANS 7834 {} 1667.00 20171130 "1240\1000 TZD 608"
#TRANS 1249 {} -1667.00 20171130 "1240\1000 TZD 608"
}
#VER "B" 12 20171231 "Avskrivning anläggningsregister" 20170109 "#6 Linda Henriksson" 
{
#TRANS 7820 {} 1667.00 20171231 "1110\1002 Hus 1:1"
#TRANS 1119 {} -1667.00 20171231 "1110\1002 Hus 1:1"
#TRANS 7834 {} 1667.00 20171231 "1240\1000 TZD 608"
#TRANS 1249 {} -1667.00 20171231 "1240\1000 TZD 608"
}
#VER "F" 1 20171229 "Kundfaktura 29 Peter Fredrikssons Försäl" 20171229 "#6 Linda Henriksson" 
{
#TRANS 1510 {} 2500.00 20171229 ""
#TRANS 2610 {} -500.00 20171229 ""
#TRANS 3010 {} -2000.00 20171229 ""
}
#VER "F" 2 20171229 "Kundfaktura 31 Peter Fredrikssons Försäl" 20171229 "#6 Linda Henriksson" 
{
#TRANS 1510 {} 4125.00 20171229 ""
#TRANS 2610 {} -825.00 20171229 ""
#TRANS 3010 {} -3300.00 20171229 ""
}
#VER "I" 1 20171230 "Inbet.journal 11" 20171229 "#6 Linda Henriksson" 
{
#TRANS 3010 {} -1400.00 20171230 "[30] Peter Fredrikssons Försäljnings AB"
#TRANS 2610 {} -350.00 20171230 "[30] Peter Fredrikssons Försäljnings AB"
#TRANS 1930 {} 1750.00 20171230 "2017-12-30"
}
#VER "N" 1 20170125 "Löner" 20170322 "#6 Linda Henriksson" 
{
#TRANS 1930 {} -24268.00 20170125 ""
#TRANS 2710 {} -8674.00 20170125 ""
#TRANS 7010 {} 32702.00 20170125 ""
#TRANS 7510 {} 10590.38 20170125 ""
#TRANS 2730 {} -10350.38 20170125 ""
}
